%YAML 1.1
%TAG !u! tag:unity3d.com,2011:
--- !u!1 &2833800651117618281
GameObject:
  m_ObjectHideFlags: 0
  m_CorrespondingSourceObject: {fileID: 0}
  m_PrefabInstance: {fileID: 0}
  m_PrefabAsset: {fileID: 0}
  serializedVersion: 6
  m_Component:
  - component: {fileID: 2833800651117618283}
  - component: {fileID: 2833800651117618280}
  m_Layer: 0
  m_Name: GameSystem_Manager
  m_TagString: Untagged
  m_Icon: {fileID: 0}
  m_NavMeshLayer: 0
  m_StaticEditorFlags: 0
  m_IsActive: 1
--- !u!4 &2833800651117618283
Transform:
  m_ObjectHideFlags: 0
  m_CorrespondingSourceObject: {fileID: 0}
  m_PrefabInstance: {fileID: 0}
  m_PrefabAsset: {fileID: 0}
  m_GameObject: {fileID: 2833800651117618281}
  m_LocalRotation: {x: 0, y: 0, z: 0, w: 1}
  m_LocalPosition: {x: 0, y: 0, z: 0}
  m_LocalScale: {x: 1, y: 1, z: 1}
  m_Children:
  - {fileID: 2230635770664222406}
  - {fileID: 6156599086723291646}
  - {fileID: 2799711774885518152}
  - {fileID: 6452142238640413349}
  - {fileID: 3203625559353830363}
  m_Father: {fileID: 0}
  m_RootOrder: 0
  m_LocalEulerAnglesHint: {x: 0, y: 0, z: 0}
--- !u!114 &2833800651117618280
MonoBehaviour:
  m_ObjectHideFlags: 0
  m_CorrespondingSourceObject: {fileID: 0}
  m_PrefabInstance: {fileID: 0}
  m_PrefabAsset: {fileID: 0}
  m_GameObject: {fileID: 2833800651117618281}
  m_Enabled: 1
  m_EditorHideFlags: 0
  m_Script: {fileID: 11500000, guid: bd64ee75d0a606c4588a700870d4cd33, type: 3}
  m_Name: 
  m_EditorClassIdentifier: 
  serializationData:
    SerializedFormat: 2
    SerializedBytes: 
    ReferencedUnityObjects:
    - {fileID: 2230635770664222407}
    SerializedBytesString: 
    Prefab: {fileID: 0}
    PrefabModificationsReferencedUnityObjects: []
    PrefabModifications: []
    SerializationNodes:
    - Name: iInitArr
      Entry: 7
      Data: 0|Cargold.FrameWork.GameSystem_Manager+IInitialize[], Assembly-CSharp
    - Name: 
      Entry: 12
      Data: 1
    - Name: 
      Entry: 10
      Data: 0
    - Name: 
      Entry: 13
      Data: 
    - Name: 
      Entry: 8
      Data: 
--- !u!1001 &2018584331024256519
PrefabInstance:
  m_ObjectHideFlags: 0
  serializedVersion: 2
  m_Modification:
    m_TransformParent: {fileID: 2833800651117618283}
    m_Modifications:
    - target: {fileID: 4240667672005137744, guid: 0f1e4c58c1ec95341842bc32fc2fdf97,
        type: 3}
      propertyPath: m_Name
      value: LocalizationSystem_Manager
      objectReference: {fileID: 0}
    - target: {fileID: 4240667672005137743, guid: 0f1e4c58c1ec95341842bc32fc2fdf97,
        type: 3}
      propertyPath: m_RootOrder
      value: 2
      objectReference: {fileID: 0}
    - target: {fileID: 4240667672005137743, guid: 0f1e4c58c1ec95341842bc32fc2fdf97,
        type: 3}
      propertyPath: m_LocalPosition.x
      value: 0
      objectReference: {fileID: 0}
    - target: {fileID: 4240667672005137743, guid: 0f1e4c58c1ec95341842bc32fc2fdf97,
        type: 3}
      propertyPath: m_LocalPosition.y
      value: 0
      objectReference: {fileID: 0}
    - target: {fileID: 4240667672005137743, guid: 0f1e4c58c1ec95341842bc32fc2fdf97,
        type: 3}
      propertyPath: m_LocalPosition.z
      value: 0
      objectReference: {fileID: 0}
    - target: {fileID: 4240667672005137743, guid: 0f1e4c58c1ec95341842bc32fc2fdf97,
        type: 3}
      propertyPath: m_LocalRotation.w
      value: 1
      objectReference: {fileID: 0}
    - target: {fileID: 4240667672005137743, guid: 0f1e4c58c1ec95341842bc32fc2fdf97,
        type: 3}
      propertyPath: m_LocalRotation.x
      value: 0
      objectReference: {fileID: 0}
    - target: {fileID: 4240667672005137743, guid: 0f1e4c58c1ec95341842bc32fc2fdf97,
        type: 3}
      propertyPath: m_LocalRotation.y
      value: 0
      objectReference: {fileID: 0}
    - target: {fileID: 4240667672005137743, guid: 0f1e4c58c1ec95341842bc32fc2fdf97,
        type: 3}
      propertyPath: m_LocalRotation.z
      value: 0
      objectReference: {fileID: 0}
    - target: {fileID: 4240667672005137743, guid: 0f1e4c58c1ec95341842bc32fc2fdf97,
        type: 3}
      propertyPath: m_LocalEulerAnglesHint.x
      value: 0
      objectReference: {fileID: 0}
    - target: {fileID: 4240667672005137743, guid: 0f1e4c58c1ec95341842bc32fc2fdf97,
        type: 3}
      propertyPath: m_LocalEulerAnglesHint.y
      value: 0
      objectReference: {fileID: 0}
    - target: {fileID: 4240667672005137743, guid: 0f1e4c58c1ec95341842bc32fc2fdf97,
        type: 3}
      propertyPath: m_LocalEulerAnglesHint.z
      value: 0
      objectReference: {fileID: 0}
    m_RemovedComponents: []
  m_SourcePrefab: {fileID: 100100000, guid: 0f1e4c58c1ec95341842bc32fc2fdf97, type: 3}
--- !u!4 &2799711774885518152 stripped
Transform:
  m_CorrespondingSourceObject: {fileID: 4240667672005137743, guid: 0f1e4c58c1ec95341842bc32fc2fdf97,
    type: 3}
  m_PrefabInstance: {fileID: 2018584331024256519}
  m_PrefabAsset: {fileID: 0}
--- !u!1001 &5358901222007090662
PrefabInstance:
  m_ObjectHideFlags: 0
  serializedVersion: 2
  m_Modification:
    m_TransformParent: {fileID: 2833800651117618283}
    m_Modifications:
    - target: {fileID: 7055624155760630249, guid: 7072e3bf2ecb12340a4fd5c7398b41aa,
        type: 3}
      propertyPath: m_Name
      value: UiSystem_Manager
      objectReference: {fileID: 0}
    - target: {fileID: 7362035455929747005, guid: 7072e3bf2ecb12340a4fd5c7398b41aa,
        type: 3}
      propertyPath: m_Pivot.x
      value: 0.5
      objectReference: {fileID: 0}
    - target: {fileID: 7362035455929747005, guid: 7072e3bf2ecb12340a4fd5c7398b41aa,
        type: 3}
      propertyPath: m_Pivot.y
      value: 0.5
      objectReference: {fileID: 0}
    - target: {fileID: 7362035455929747005, guid: 7072e3bf2ecb12340a4fd5c7398b41aa,
        type: 3}
      propertyPath: m_RootOrder
      value: 4
      objectReference: {fileID: 0}
    - target: {fileID: 7362035455929747005, guid: 7072e3bf2ecb12340a4fd5c7398b41aa,
        type: 3}
      propertyPath: m_AnchorMax.x
      value: 0.5
      objectReference: {fileID: 0}
    - target: {fileID: 7362035455929747005, guid: 7072e3bf2ecb12340a4fd5c7398b41aa,
        type: 3}
      propertyPath: m_AnchorMax.y
      value: 0.5
      objectReference: {fileID: 0}
    - target: {fileID: 7362035455929747005, guid: 7072e3bf2ecb12340a4fd5c7398b41aa,
        type: 3}
      propertyPath: m_AnchorMin.x
      value: 0.5
      objectReference: {fileID: 0}
    - target: {fileID: 7362035455929747005, guid: 7072e3bf2ecb12340a4fd5c7398b41aa,
        type: 3}
      propertyPath: m_AnchorMin.y
      value: 0.5
      objectReference: {fileID: 0}
    - target: {fileID: 7362035455929747005, guid: 7072e3bf2ecb12340a4fd5c7398b41aa,
        type: 3}
      propertyPath: m_SizeDelta.x
      value: 100
      objectReference: {fileID: 0}
    - target: {fileID: 7362035455929747005, guid: 7072e3bf2ecb12340a4fd5c7398b41aa,
        type: 3}
      propertyPath: m_SizeDelta.y
      value: 100
      objectReference: {fileID: 0}
    - target: {fileID: 7362035455929747005, guid: 7072e3bf2ecb12340a4fd5c7398b41aa,
        type: 3}
      propertyPath: m_LocalPosition.x
      value: 0
      objectReference: {fileID: 0}
    - target: {fileID: 7362035455929747005, guid: 7072e3bf2ecb12340a4fd5c7398b41aa,
        type: 3}
      propertyPath: m_LocalPosition.y
      value: 0
      objectReference: {fileID: 0}
    - target: {fileID: 7362035455929747005, guid: 7072e3bf2ecb12340a4fd5c7398b41aa,
        type: 3}
      propertyPath: m_LocalPosition.z
      value: 0
      objectReference: {fileID: 0}
    - target: {fileID: 7362035455929747005, guid: 7072e3bf2ecb12340a4fd5c7398b41aa,
        type: 3}
      propertyPath: m_LocalRotation.w
      value: 1
      objectReference: {fileID: 0}
    - target: {fileID: 7362035455929747005, guid: 7072e3bf2ecb12340a4fd5c7398b41aa,
        type: 3}
      propertyPath: m_LocalRotation.x
      value: -0
      objectReference: {fileID: 0}
    - target: {fileID: 7362035455929747005, guid: 7072e3bf2ecb12340a4fd5c7398b41aa,
        type: 3}
      propertyPath: m_LocalRotation.y
      value: -0
      objectReference: {fileID: 0}
    - target: {fileID: 7362035455929747005, guid: 7072e3bf2ecb12340a4fd5c7398b41aa,
        type: 3}
      propertyPath: m_LocalRotation.z
      value: -0
      objectReference: {fileID: 0}
    - target: {fileID: 7362035455929747005, guid: 7072e3bf2ecb12340a4fd5c7398b41aa,
        type: 3}
      propertyPath: m_AnchoredPosition.x
      value: 0
      objectReference: {fileID: 0}
    - target: {fileID: 7362035455929747005, guid: 7072e3bf2ecb12340a4fd5c7398b41aa,
        type: 3}
      propertyPath: m_AnchoredPosition.y
      value: 0
      objectReference: {fileID: 0}
    - target: {fileID: 7362035455929747005, guid: 7072e3bf2ecb12340a4fd5c7398b41aa,
        type: 3}
      propertyPath: m_LocalEulerAnglesHint.x
      value: 0
      objectReference: {fileID: 0}
    - target: {fileID: 7362035455929747005, guid: 7072e3bf2ecb12340a4fd5c7398b41aa,
        type: 3}
      propertyPath: m_LocalEulerAnglesHint.y
      value: 0
      objectReference: {fileID: 0}
    - target: {fileID: 7362035455929747005, guid: 7072e3bf2ecb12340a4fd5c7398b41aa,
        type: 3}
      propertyPath: m_LocalEulerAnglesHint.z
      value: 0
      objectReference: {fileID: 0}
    m_RemovedComponents: []
  m_SourcePrefab: {fileID: 100100000, guid: 7072e3bf2ecb12340a4fd5c7398b41aa, type: 3}
--- !u!224 &3203625559353830363 stripped
RectTransform:
  m_CorrespondingSourceObject: {fileID: 7362035455929747005, guid: 7072e3bf2ecb12340a4fd5c7398b41aa,
    type: 3}
  m_PrefabInstance: {fileID: 5358901222007090662}
  m_PrefabAsset: {fileID: 0}
--- !u!1001 &5709716959547673358
PrefabInstance:
  m_ObjectHideFlags: 0
  serializedVersion: 2
  m_Modification:
    m_TransformParent: {fileID: 2833800651117618283}
    m_Modifications:
    - target: {fileID: 1894994077644886775, guid: 4e16ed927c7324f40aec2eddd175e0ae,
        type: 3}
      propertyPath: m_Name
      value: UserSystem_Manager
      objectReference: {fileID: 0}
    - target: {fileID: 1894994077644886768, guid: 4e16ed927c7324f40aec2eddd175e0ae,
        type: 3}
      propertyPath: m_RootOrder
      value: 1
      objectReference: {fileID: 0}
    - target: {fileID: 1894994077644886768, guid: 4e16ed927c7324f40aec2eddd175e0ae,
        type: 3}
      propertyPath: m_LocalPosition.x
      value: 0
      objectReference: {fileID: 0}
    - target: {fileID: 1894994077644886768, guid: 4e16ed927c7324f40aec2eddd175e0ae,
        type: 3}
      propertyPath: m_LocalPosition.y
      value: 0
      objectReference: {fileID: 0}
    - target: {fileID: 1894994077644886768, guid: 4e16ed927c7324f40aec2eddd175e0ae,
        type: 3}
      propertyPath: m_LocalPosition.z
      value: 0
      objectReference: {fileID: 0}
    - target: {fileID: 1894994077644886768, guid: 4e16ed927c7324f40aec2eddd175e0ae,
        type: 3}
      propertyPath: m_LocalRotation.w
      value: 1
      objectReference: {fileID: 0}
    - target: {fileID: 1894994077644886768, guid: 4e16ed927c7324f40aec2eddd175e0ae,
        type: 3}
      propertyPath: m_LocalRotation.x
      value: 0
      objectReference: {fileID: 0}
    - target: {fileID: 1894994077644886768, guid: 4e16ed927c7324f40aec2eddd175e0ae,
        type: 3}
      propertyPath: m_LocalRotation.y
      value: 0
      objectReference: {fileID: 0}
    - target: {fileID: 1894994077644886768, guid: 4e16ed927c7324f40aec2eddd175e0ae,
        type: 3}
      propertyPath: m_LocalRotation.z
      value: 0
      objectReference: {fileID: 0}
    - target: {fileID: 1894994077644886768, guid: 4e16ed927c7324f40aec2eddd175e0ae,
        type: 3}
      propertyPath: m_LocalEulerAnglesHint.x
      value: 0
      objectReference: {fileID: 0}
    - target: {fileID: 1894994077644886768, guid: 4e16ed927c7324f40aec2eddd175e0ae,
        type: 3}
      propertyPath: m_LocalEulerAnglesHint.y
      value: 0
      objectReference: {fileID: 0}
    - target: {fileID: 1894994077644886768, guid: 4e16ed927c7324f40aec2eddd175e0ae,
        type: 3}
      propertyPath: m_LocalEulerAnglesHint.z
      value: 0
      objectReference: {fileID: 0}
    - target: {fileID: 1894994077644886769, guid: 4e16ed927c7324f40aec2eddd175e0ae,
        type: 3}
      propertyPath: serializationData.Prefab
      value: 
      objectReference: {fileID: 1894994077644886769, guid: 4e16ed927c7324f40aec2eddd175e0ae,
        type: 3}
    m_RemovedComponents: []
  m_SourcePrefab: {fileID: 100100000, guid: 4e16ed927c7324f40aec2eddd175e0ae, type: 3}
--- !u!4 &6156599086723291646 stripped
Transform:
  m_CorrespondingSourceObject: {fileID: 1894994077644886768, guid: 4e16ed927c7324f40aec2eddd175e0ae,
    type: 3}
  m_PrefabInstance: {fileID: 5709716959547673358}
  m_PrefabAsset: {fileID: 0}
--- !u!1001 &7320207178497196001
PrefabInstance:
  m_ObjectHideFlags: 0
  serializedVersion: 2
  m_Modification:
    m_TransformParent: {fileID: 2833800651117618283}
    m_Modifications:
    - target: {fileID: 4331341938061108549, guid: ca5e14e3824eed74c9eda8c642142324,
        type: 3}
      propertyPath: m_Name
      value: PoolingSystem_Manager
      objectReference: {fileID: 0}
    - target: {fileID: 4331341938061108548, guid: ca5e14e3824eed74c9eda8c642142324,
        type: 3}
      propertyPath: m_RootOrder
      value: 3
      objectReference: {fileID: 0}
    - target: {fileID: 4331341938061108548, guid: ca5e14e3824eed74c9eda8c642142324,
        type: 3}
      propertyPath: m_LocalPosition.x
      value: 0
      objectReference: {fileID: 0}
    - target: {fileID: 4331341938061108548, guid: ca5e14e3824eed74c9eda8c642142324,
        type: 3}
      propertyPath: m_LocalPosition.y
      value: 0
      objectReference: {fileID: 0}
    - target: {fileID: 4331341938061108548, guid: ca5e14e3824eed74c9eda8c642142324,
        type: 3}
      propertyPath: m_LocalPosition.z
      value: 0
      objectReference: {fileID: 0}
    - target: {fileID: 4331341938061108548, guid: ca5e14e3824eed74c9eda8c642142324,
        type: 3}
      propertyPath: m_LocalRotation.w
      value: 1
      objectReference: {fileID: 0}
    - target: {fileID: 4331341938061108548, guid: ca5e14e3824eed74c9eda8c642142324,
        type: 3}
      propertyPath: m_LocalRotation.x
      value: 0
      objectReference: {fileID: 0}
    - target: {fileID: 4331341938061108548, guid: ca5e14e3824eed74c9eda8c642142324,
        type: 3}
      propertyPath: m_LocalRotation.y
      value: 0
      objectReference: {fileID: 0}
    - target: {fileID: 4331341938061108548, guid: ca5e14e3824eed74c9eda8c642142324,
        type: 3}
      propertyPath: m_LocalRotation.z
      value: 0
      objectReference: {fileID: 0}
    - target: {fileID: 4331341938061108548, guid: ca5e14e3824eed74c9eda8c642142324,
        type: 3}
      propertyPath: m_LocalEulerAnglesHint.x
      value: 0
      objectReference: {fileID: 0}
    - target: {fileID: 4331341938061108548, guid: ca5e14e3824eed74c9eda8c642142324,
        type: 3}
      propertyPath: m_LocalEulerAnglesHint.y
      value: 0
      objectReference: {fileID: 0}
    - target: {fileID: 4331341938061108548, guid: ca5e14e3824eed74c9eda8c642142324,
        type: 3}
      propertyPath: m_LocalEulerAnglesHint.z
      value: 0
      objectReference: {fileID: 0}
    m_RemovedComponents: []
  m_SourcePrefab: {fileID: 100100000, guid: ca5e14e3824eed74c9eda8c642142324, type: 3}
--- !u!4 &6452142238640413349 stripped
Transform:
  m_CorrespondingSourceObject: {fileID: 4331341938061108548, guid: ca5e14e3824eed74c9eda8c642142324,
    type: 3}
  m_PrefabInstance: {fileID: 7320207178497196001}
  m_PrefabAsset: {fileID: 0}
--- !u!1001 &8247901159886251539
PrefabInstance:
  m_ObjectHideFlags: 0
  serializedVersion: 2
  m_Modification:
    m_TransformParent: {fileID: 2833800651117618283}
    m_Modifications:
    - target: {fileID: 7818988984103934170, guid: 30f17bee8d62809438d5b11c12950a86,
        type: 3}
      propertyPath: m_Name
      value: DataBase_Manager
      objectReference: {fileID: 0}
    - target: {fileID: 7818988984103934165, guid: 30f17bee8d62809438d5b11c12950a86,
        type: 3}
      propertyPath: m_RootOrder
      value: 0
      objectReference: {fileID: 0}
    - target: {fileID: 7818988984103934165, guid: 30f17bee8d62809438d5b11c12950a86,
        type: 3}
      propertyPath: m_LocalPosition.x
      value: 0
      objectReference: {fileID: 0}
    - target: {fileID: 7818988984103934165, guid: 30f17bee8d62809438d5b11c12950a86,
        type: 3}
      propertyPath: m_LocalPosition.y
      value: 0
      objectReference: {fileID: 0}
    - target: {fileID: 7818988984103934165, guid: 30f17bee8d62809438d5b11c12950a86,
        type: 3}
      propertyPath: m_LocalPosition.z
      value: 0
      objectReference: {fileID: 0}
    - target: {fileID: 7818988984103934165, guid: 30f17bee8d62809438d5b11c12950a86,
        type: 3}
      propertyPath: m_LocalRotation.w
      value: 1
      objectReference: {fileID: 0}
    - target: {fileID: 7818988984103934165, guid: 30f17bee8d62809438d5b11c12950a86,
        type: 3}
      propertyPath: m_LocalRotation.x
      value: 0
      objectReference: {fileID: 0}
    - target: {fileID: 7818988984103934165, guid: 30f17bee8d62809438d5b11c12950a86,
        type: 3}
      propertyPath: m_LocalRotation.y
      value: 0
      objectReference: {fileID: 0}
    - target: {fileID: 7818988984103934165, guid: 30f17bee8d62809438d5b11c12950a86,
        type: 3}
      propertyPath: m_LocalRotation.z
      value: 0
      objectReference: {fileID: 0}
    - target: {fileID: 7818988984103934165, guid: 30f17bee8d62809438d5b11c12950a86,
        type: 3}
      propertyPath: m_LocalEulerAnglesHint.x
      value: 0
      objectReference: {fileID: 0}
    - target: {fileID: 7818988984103934165, guid: 30f17bee8d62809438d5b11c12950a86,
        type: 3}
      propertyPath: m_LocalEulerAnglesHint.y
      value: 0
      objectReference: {fileID: 0}
    - target: {fileID: 7818988984103934165, guid: 30f17bee8d62809438d5b11c12950a86,
        type: 3}
      propertyPath: m_LocalEulerAnglesHint.z
      value: 0
      objectReference: {fileID: 0}
    m_RemovedComponents: []
  m_SourcePrefab: {fileID: 100100000, guid: 30f17bee8d62809438d5b11c12950a86, type: 3}
--- !u!4 &2230635770664222406 stripped
Transform:
  m_CorrespondingSourceObject: {fileID: 7818988984103934165, guid: 30f17bee8d62809438d5b11c12950a86,
    type: 3}
  m_PrefabInstance: {fileID: 8247901159886251539}
  m_PrefabAsset: {fileID: 0}
--- !u!114 &2230635770664222407 stripped
MonoBehaviour:
  m_CorrespondingSourceObject: {fileID: 7818988984103934164, guid: 30f17bee8d62809438d5b11c12950a86,
    type: 3}
  m_PrefabInstance: {fileID: 8247901159886251539}
  m_PrefabAsset: {fileID: 0}
  m_GameObject: {fileID: 0}
  m_Enabled: 1
  m_EditorHideFlags: 0
  m_Script: {fileID: 11500000, guid: 5a9165126855b1443b62e33637b340b2, type: 3}
  m_Name: 
  m_EditorClassIdentifier: 
